:20:TRNREF123456
:25:123456789/987654321
:28C:1/1
:60F:C250603USD000000000000,00
:61:250603250603C000000000404,00NTRFNONREF1
:86:Transaction description 1
:61:250603250603C000000000404,00NTRFNONREF2
:86:Transaction description 2
:61:250603250603C000000000404,00NTRFNONREF3
:86:Transaction description 3
:61:250603250603C000000000404,00NTRFNONREF4
:86:Transaction description 4
:61:250603250603C000000000404,00NTRFNONREF5
:86:Transaction description 5
:62F:C250603USD000000001212,12
